% 1. Aplication of Adaptive Model to scenarios with more compartments.
@article {Balt1,
    AUTHOR = {B. Espinoza and S. Swarup and C. L. Barrett and M. Marathe},
    TITLE = {Heterogeneous adaptive behavioral responses may increase epidemic burden},
    JOURNAL = {Sci Rep},
    FJOURNAL = {Scientific Reports},
    VOLUME = {12},
      YEAR = {2022},
    NUMBER = {11276},
       DOI = {10.1038/s41598-022-15444-8},
}

% 2. Aplication of Adaptive Model to (non)compliant infected and asymptomatic individuals
@article {Balt2,
    AUTHOR = {B. Espinoza and M. Marathe and S. Swarup and M. Thakur},
    TITLE = {Asymptomatic individuals can increase the final epidemic size under adaptive human behavior},
    JOURNAL = {Sci Rep},
    FJOURNAL = {Scientific Reports},
    VOLUME = {11},
      YEAR = {2021},
    NUMBER = {19744},
       DOI = {10.1038/s41598-021-98999-2},
}

% 3. Original proposal of adaptive behavior
@article {Feni11,

    AUTHOR = {Eli P. Fenichel and Carlos Castillo-Chavez and M. G. Ceddia and Gerardo Chowell and Paula A. Gonzalez Parra and Graham J. Hickling and Garth Holloway and Richard Horan and Benjamin Morin and Charles Perrings and Michael Springborn and Leticia Velazquez and Cristina Villalobos},
     TITLE = {Adaptive human behavior in epidemiological models},
   JOURNAL = {Proc. Natl. Acad. Sci. U.S.A.},
  FJOURNAL = {Proceedings of the National Academy of Sciences of the United States of America},
    VOLUME = {108},
      YEAR = {2011},
    NUMBER = {15},
     PAGES = {6306-6311},
      ISSN = {0027-84243},
       DOI = {10.1073/pnas.101125010},
}

% 4. An application by Fenichel and others
@article {Feni11_2,

    AUTHOR = {Michael Springborn and Gerardo Chowell and Matthew MacLachlan and Eli P Fenichel},
     TITLE = {Accounting for behavioral responses during a flu epidemic using home television viewing},
   JOURNAL = {BMC Infect Dis.},
  FJOURNAL = {BMC Infectious Diseases},
    VOLUME = {15},
      YEAR = {2015},
    NUMBER = {21},
       DOI = {10.1186/s12879-014-0691-0},
}

% 5. Non linear relapse model: Arroyo-Esquivel
@article {Arr22,
    AUTHOR = {F. Sanchez and J. Arroyo-Esquivel and J. G.  Calvo},
     TITLE = {A mathematical model with nonlinear relapse:
conditions for a forward-backward bifurcation},
   JOURNAL = {arXiv preprint arXiv:2210.15481},
      YEAR = {2022},
}

% 6. Study of equilibria and steady states for general models with contact rates F(S,I,Z)
@article {Blythe91,

    AUTHOR = {S.P. Blythe and K.L. Cooke and C. Castillo-Chavez},
     TITLE = {Autonomous Risk-Behavior Change, and Non-Linear Incidence Rate, in Models of Sexually Transmitted Diseases},
   JOURNAL = {Biometrics Unit Technical Report},
    VOLUME = {B-1048-M},
      YEAR = {1991},
}

% 7. SIR models with adaptive behavior, no relapse, introduction of equilibria analysis.
@article {CCast13,
    AUTHOR = {B.J. Morin and E. P. Fenichel and C. Castillo-Chavez},
    TITLE = { {SIR} Dynamics with economically driven contact rates},
    JOURNAL = {Nat Resour Model},
    VOLUME = {26},
      YEAR = {2013},
    NUMBER = {4},
       DOI = {10.1111/nrm.12011},
}

% 8. Example of relapse model applied to drinking as an epidemic. Fabio Sanchez
@incollection{Snchz07,
  author      = "F. Sanchez and X. Wang and C. Castillo-Chavez and D.M. Gorman and P.J. Gruenewald",
  title       = "Drinking as an epidemic: A simple mathematical model with recovery and relapse.",
  booktitle   = "Therapist’s guide to evidence based relapse prevention",
  publisher   = "Burlington: Academic Press",
  year        = 2007
}

% 9. Example of non linear relapse model. Fabio Sanchez
@article{Schz19,
    title = {A partial differential equation model with age-structure and nonlinear recidivism: Conditions for a backward bifurcation and a general numerical implementation},
    journal = {Computers \& Mathematics with Applications},
    volume = {78},
    number = {12},
    pages = {3916-3930},
    year = {2019},
    issn = {0898-1221},
    doi = {10.1016/j.camwa.2019.06.021},
    author = {Fabio Sanchez and Juan G. Calvo and Esteban Segura and Zhilan Feng}
}

% 10. Importance and aplications of epidemiological models.
@article{Brur09,
    title = { Mathematical epidemiology is not an oxymoron},
    journal = {BMC Public Health},
    volume = {9},
    number = {Suppl 1},
    pages = {S2},
    year = {2009},
    doi = {10.1186/1471-2458-9-S1-S2},
    author = {F. Brauer}
}

% 11. Example of non linear incidence rates proposal.
@article{Liu87,
    title = {Dynamical behavior of epidemiological models with nonlinear incidence rates},
    journal = {J. Math. Biol.},
    volume = {25},
    number = {4},
    pages = {359-80},
    year = {1987},
    doi = {10.1007/BF00277162},
    author = {WM Liu and HW Hethcote and SA Levin}
}

% 12. Another example of non linearity in incidence rates.
@article{Li17,
    title = {Dynamic
    behaviors of a modified {SIR} model in epidemic
    diseases using nonlinear incidence and recovery
    rates},
    journal = {PLoS ONE},
    volume = {12},
    number = {4},
    year = {2017},
    doi = {10.1371/journal.pone.0175789},
    author = {GH Li and YX Zhang}
}

% 13. Another example of non linearity in incidence rates.
@article{Xiao10,
    title = {Dynamics of infection with nonlinear incidence in a simple vaccination model},
    journal = {Nonlinear Anal. Real World Appl.},
    volume = {11},
    number = {5},
    year = {2010},
    pages = {4154–4163},
    doi = {10.1016/j.nonrwa.2010.05.002},
    author = {Y. Xiao and S. Tang}
}

% 14. Another example of non linearity in incidence rates.
@article{Xiao07,
    title = {Global analysis of an epidemic model with non monotone incidence rate},
    journal = {Math Biosci.},
    volume = {208},
    number = {2},
    pages = {419-429},
    year = {2007},
    issn = {0025-5564},
    doi = {10.1016/j.mbs.2006.09.025},
    author = {D. Xiao and S. Ruan}
}

% 15. Another example of non linearity in incidence rates.
@article{HU201212,
title = {Analysis of SIR epidemic models with nonlinear incidence rate and treatment},
journal = {Mathematical Biosciences},
volume = {238},
number = {1},
pages = {12-20},
year = {2012},
issn = {0025-5564},
doi = {10.1016/j.mbs.2012.03.010},
author = {Zhixing Hu and Wanbiao Ma and Shigui Ruan},
}

% 16. Basic formulation of epidemiological models with relapse.
@article{AndMay79,
    title = {Population biology of infectious diseases: {P}art {I}},
    journal = {Nature},
    volume = {280},
    pages = {361–367},
    year = {1979},
    author = {RM. Anderson and RM. May}
}

% 17. Review of models that attempt to include adaptive behavior into contact rate calculations.
@article{Funk10,
    title = {Modelling the influence of human behaviour on the spread of infectious diseases: a review},
    journal = {J. R. Soc. Interfac},
    volume = {7},
    pages = { 1247–1256},
    year = {2010},
    doi = {10.1098/rsif.2010.0142},
    author = {S. Funk and M. Salathé and VAA Jansen}
}

% 18. Reference on Sturm Sequences
@article{Eiser08,
author = {Eisermann, Michael},
year = {2008},
month = {08},
pages = {},
title = {{The Fundamental Theorem of Algebra Made Effective: An Elementary Real-Algebraic Proof via Sturm Chains}},
volume = {119},
journal = {The American Mathematical Monthly},
doi = {10.4169/amer.math.monthly.119.09.715}
}

% 19. Relapse and Bifurcation in Malaria

@article{Tasman22,
author = {Tasman, H. and Aldila, D. and Dumbela, P.A. and Ndii, M.Z. and Fatmawati, F. and Herdicho. F.F. and Chukwu, C.W.},
year = {2022},
pages = {},
title = {{Assessing the Impact of Relapse, Reinfection and Recrudescence on Malaria Eradication Policy: A Bifurcation and Optimal Control Analysis}},
volume = {263},
number = {7},
journal = {Trop. Med. Infect. Dis.},
doi = {10.3390/tropicalmed7100263}
}

% 20. Non-linearity of incidence rates

@article{Hethcote91,
author = {H.W. Hethcote and P. van den Driessche},
year = {1991},
pages = {},
title = {{Some epidemiological models with nonlinear incidence}},
volume = {29},
number = {3},
journal = {J Math Biol.},
doi = {10.1007/BF00160539}
}

% 21. Basic Reproductive Number reference

@article{Hethcote00,
author = {Hethcote, H.},
year = {2000},
pages = {},
title = {{The mathematics of infectious diseases}},
volume = {42},
number = {2},
journal = {SIAM Review},
doi = {10.1007/BF00160539}
}

% 22. More bifurcation analysis in non-linear incidence.

@article{Alex06,
author = {Moghadas, S.M. and  Alexander, M.E.},
year = {2006},
pages = {},
title = {{Bifurcations of an epidemic model with non-linear incidence and infection-dependent removal rate}},
volume = {23},
number = {3},
journal = {Math Med Biol},
doi = {10.1093/imammb/dql011}
}

% 23. Importance of contact information in epidemics

@article{Zhang20,
author = {Zhang, J. and Litvinova, M. and Liang, Y. and Wang, Y. and Wang, W. and Zhao, S. and Wu, Q. and Merler, S. and Viboud, C. and Vespignani, A. and Ajelli, M. and Yu, H.},
year = {2020},
pages = {},
title = {{Changes in contact patterns shape the dynamics of the COVID-19 outbreak in China}},
volume = {368},
number = {6498},
journal = {Science},
doi = {10.1126/science.abb8001}
}

% 24.  Importance of contact information in epidemics

@article{Mossong08,
author = {Mossong, J. and Hens, N. and Jit, M. and Beutels, P. and Auranen, K. and Mikolajczyk, R. and Massari, M. and Salmaso, S. and Tomba, GS. and Wallinga, J. and Heijne, J. and Sadkowska-Todys, M. and Rosinska, M. and Edmunds, WJ. },
year = {2008},
pages = {},
title = {{Social contacts and mixing patterns relevant to the spread of infectious diseases}},
volume = {25},
number = {5},
journal = {PLoS Med},
doi = {10.1371/journal.pmed.0050074}
}
